@MISC{Sørensen98lectureson,
    author = {Morten Heine B. Sørensen and Pawel Urzyczyn},
    title = {Lectures on the Curry-Howard Isomorphism},
    year = {1998}
}